@inproceedings{loop1994smooth,
  title={Smooth spline surfaces over irregular meshes},
  author={Loop, Charles},
  booktitle={Proceedings of the 21st annual conference on Computer graphics and interactive techniques},
  pages={303--310},
  year={1994},
  organization={ACM}
}
 @manual{blender,
      title  = "Blender",
	  note   = "\url{https://www.blender.org}",
	  year   = "2016"
    }
@manual{python,
	  title  = "Python 3.5.1",
	  note   = "\url{https://www.python.org/downloads/release/python-351/}",
	  year   = "2016"
}
@manual{drawio,
	  title  = "Draw.io",
	  note   = "\url{https://www.draw.io/}",
	  year   = "2016"
}